@inproceedings{hussain20195greasoner,
  title={5GReasoner: A Property-Directed Security and Privacy Analysis Framework for 5G Cellular Network Protocol},
  author={Hussain, Syed Rafiul and Echeverria, Mitziu and Karim, Imtiaz and Chowdhury, Omar and Bertino, Elisa},
  booktitle={Proceedings of the 2019 ACM SIGSAC Conference on Computer and Communications Security},
  pages={669--684},
  year={2019}
}

@inproceedings{hussain2018lteinspector,
  title={LTEInspector: A systematic approach for adversarial testing of 4G LTE},
  author={Hussain, Syed and Chowdhury, Omar and Mehnaz, Shagufta and Bertino, Elisa},
  booktitle={Network and Distributed Systems Security (NDSS) Symposium 2018},
  year={2018}
}

@inproceedings{basin2018formal,
  title={A formal analysis of 5G authentication},
  author={Basin, David and Dreier, Jannik and Hirschi, Lucca and Radomirovic, Sa{\v{s}}a and Sasse, Ralf and Stettler, Vincent},
  booktitle={Proceedings of the 2018 ACM SIGSAC Conference on Computer and Communications Security},
  pages={1383--1396},
  year={2018}
}

@article{cremers2019component,
  title={Component-based formal analysis of 5G-AKA: Channel assumptions and session confusion},
  author={Cremers, Cas and Dehnel-Wild, Martin},
  year={2019},
  publisher={Internet Society}
}


@article{tu2014control,
  title={Control-plane protocol interactions in cellular networks},
  author={Tu, Guan-Hua and Li, Yuanjie and Peng, Chunyi and Li, Chi-Yu and Wang, Hongyi and Lu, Songwu},
  journal={ACM SIGCOMM Computer Communication Review},
  volume={44},
  number={4},
  pages={223--234},
  year={2014},
  publisher={ACM New York, NY, USA}
}
